%% This BibTeX bibliography file was created using BibDesk.
%% http://bibdesk.sourceforge.net/


%% Created for Peter Bosler at 2014-08-28 08:49:33 -0600 


%% Saved with string encoding Unicode (UTF-8) 



@techreport{CAM3.0,
	Author = {William D. Collins and Philip J. Rasch and Byron A. Boville and James J. Hack and James R. McCaa and David L. Williamson and Jeffrey T. Kiehl and Bruce Briegleb and Cecilia Bitz and Shian-Jiann Lin and Minghua Zhang and Yongjiu Dai},
	Date-Added = {2014-08-28 14:35:02 +0000},
	Date-Modified = {2014-08-28 14:49:28 +0000},
	Howpublished = {Bulletin of the American Meteorological Society},
	Institution = {National Center for Atmospheric Research},
	Month = {June},
	Number = {TN-464+STR},
	Title = {Description of the {NCAR Community Atmosphere Model (CAM3.0)}},
	Year = {2004},
	Bdsk-File-1 = {YnBsaXN0MDDUAQIDBAUGJCVYJHZlcnNpb25YJG9iamVjdHNZJGFyY2hpdmVyVCR0b3ASAAGGoKgHCBMUFRYaIVUkbnVsbNMJCgsMDxJXTlMua2V5c1pOUy5vYmplY3RzViRjbGFzc6INDoACgAOiEBGABIAFgAdccmVsYXRpdmVQYXRoWWFsaWFzRGF0YVsuLi9DQU0zLnBkZtIXCxgZV05TLmRhdGFPEQFiAAAAAAFiAAIAAAxNYWNpbnRvc2ggSEQAAAAAAAAAAAAAAAAAAADP09ZmSCsAAAAKtXkIQ0FNMy5wZGYAAAAAAAAAAAAAAAAAAAAAAAAAAAAAAAAAAAAAAAAAAAAAAAAAAAAAAAAAAAAAAAAAAAAAAAAAAHts3dAknXAAAAAAAAAAAAABAAEAAAkgAAAAAAAAAAAAAAAAAAAAB0Rlc2t0b3AAABAACAAAz9QqxgAAABEACAAA0CTx0AAAAAEADAAKtXkACrT8AAJm+QACAC5NYWNpbnRvc2ggSEQ6VXNlcnM6AHBhYm9zbGU6AERlc2t0b3A6AENBTTMucGRmAA4AEgAIAEMAQQBNADMALgBwAGQAZgAPABoADABNAGEAYwBpAG4AdABvAHMAaAAgAEgARAASAB5Vc2Vycy9wYWJvc2xlL0Rlc2t0b3AvQ0FNMy5wZGYAEwABLwAAFQACAA7//wAAgAbSGxwdHlokY2xhc3NuYW1lWCRjbGFzc2VzXU5TTXV0YWJsZURhdGGjHR8gVk5TRGF0YVhOU09iamVjdNIbHCIjXE5TRGljdGlvbmFyeaIiIF8QD05TS2V5ZWRBcmNoaXZlctEmJ1Ryb290gAEACAARABoAIwAtADIANwBAAEYATQBVAGAAZwBqAGwAbgBxAHMAdQB3AIQAjgCaAJ8ApwINAg8CFAIfAigCNgI6AkECSgJPAlwCXwJxAnQCeQAAAAAAAAIBAAAAAAAAACgAAAAAAAAAAAAAAAAAAAJ7}}

@article{STRIPACK,
	Author = {R. Renka},
	Journal = {ACM Transactions on Mathematical Software},
	Pages = {416-434},
	Title = {{Algorithm 772: STRIPACK : Delaunay triangulation and Voronoi diagram on the surface of a sphere}},
	Volume = {23},
	Year = {1997}}

@article{SSRFPACK,
	Author = {R. Renka},
	Journal = {ACM Transactions on Mathematical Software},
	Pages = {435-442},
	Title = {{Algorithm 773: SSRFPACK: Interpolation} of scattered data on the surface of a sphere with a surface under tension},
	Volume = {23},
	Year = {1997}}

@article{BIVAR1,
	Author = {H. Akima},
	Journal = {{ACM} Transactions on Mathematical Software},
	Note = {{Fortran} code downloaded from {John Burkhardt}, \url{https://orion.math.iastate.edu/burkardt/f\_src/bivar/bivar.html}},
	Number = {2},
	Pages = {148-159},
	Title = {A Method of Bivariate Interpolation and Smooth Surface Fitting for Irregularly Distributed Data Points},
	Volume = {4},
	Year = {1978}}

@article{BIVAR2,
	Author = {H. Akima},
	Journal = {Rocky Mountain Journal of Mathematics},
	Number = {1},
	Pages = {41-52},
	Title = {On Estimating Partial Derivatives For Bivariate Interpolation of Scattered Data},
	Volume = {14},
	Year = {1984}}

@phdthesis{BoslerPhD,
	Author = {P. Bosler},
	Pages = {210},
	School = {University of Michigan},
	Title = {Particle Methods for Geophysical Flow on the Sphere},
	Year = {2013}}

@article{BoslerEtAl2014,
	Author = {P. Bosler and L. Wang and C. Jablonowski and R. Krasny},
	Doi = {10.1088/0169-5983/46/3/031406},
	Journal = {Fluid Dynamics Research},
	Number = {3},
	Pages = {031406},
	Title = {A {Lagrangian} particle/panel method for the barotropic vorticity equations on a rotating sphere},
	Volume = {46},
	Year = {2014},
	Bdsk-Url-1 = {http://dx.doi.org/10.1088/0169-5983/46/3/031406}}

@article{NairJablonowski2008,
	Author = {R.D. Nair and C. Jablonowski},
	Journal = {Monthly Weather Review},
	Pages = {699--711},
	Title = {Moving vortices on the sphere: A test case for horizontal advection problems},
	Volume = 136,
	Year = {2008}}

@article{LauritzenEtAl2012,
	Author = {P.H. Lauritzen and W.C. Skamarock and M.J. Prather and M.A. Taylor},
	Journal = {Geoscientific Model Development},
	Pages = {887--901},
	Title = {A standard test case suite for two-dimensional linear transport on the sphere},
	Volume = 5,
	Year = {2012}}

@article{KentEtAl2012,
	Author = {J. Kent and C. Jablonowski and J.P. Whitehead and R.B. Rood},
	Journal = {Geoscientific Model Development},
	Pages = {1517--1530},
	Title = {Downscale cascades in tracer transport test cases: An intercomparison of the dynamical cores in {Community Atmosphere Model CAM5}},
	Volume = 5,
	Year = {2012}}
