@article{STRIPACK,
  author="R. Renka",
  title="{Algorithm 772: STRIPACK : Delaunay triangulation and Voronoi diagram on the surface of a sphere}",
  journal="ACM Transactions on Mathematical Software",
  volume="23",
  year="1997",
  pages="416-434"
}

@article{SSRFPACK,
	author="R. Renka",
	title="{Algorithm 773: SSRFPACK: Interpolation} of scattered data on the surface of a sphere with a surface under tension",
	journal="ACM Transactions on Mathematical Software",
	volume="23",
	year="1997",
	pages="435-442"
}

@article{BIVAR1,
	author={H. Akima},
	title={A Method of Bivariate Interpolation and Smooth Surface Fitting for Irregularly Distributed Data Points},
	journal={{ACM} Transactions on Mathematical Software},
	year={1978},
	volume={4},
	pages={148-159},
	number={2},
	note={{Fortran} code downloaded from {John Burkhardt}, \url{https://orion.math.iastate.edu/burkardt/f\_src/bivar/bivar.html}}
}
@article{BIVAR2,
	author={H. Akima},
	title={On Estimating Partial Derivatives For Bivariate Interpolation of Scattered Data},
	journal={Rocky Mountain Journal of Mathematics},
	year={1984},
	volume={14},
	number={1},
	pages={41-52}
}	

@phdthesis{BoslerPhD,
	author={P. Bosler},
	title={Particle Methods for Geophysical Flow on the Sphere},
	school={University of Michigan},
	year={2013},
	pages={210}}

@article{BoslerEtAl2014,
	author={P. Bosler and L. Wang and C. Jablonowski and R. Krasny},
	title={A {Lagrangian} particle/panel method for the barotropic vorticity equations on a rotating sphere},
	journal={Fluid Dynamics Research},
	year={2014},
	volume={46},
	number={3},
	pages={031406},
	doi={10.1088/0169-5983/46/3/031406}
}

@article{NairJablonowski2008,
	 author = {R.D. Nair and C. Jablonowski},
	 title = {Moving vortices on the sphere: A test case for horizontal advection problems},
	 journal = {Monthly Weather Review},
	 year = {2008},
	 volume = 136,
	 pages = {699--711}}
         
@article{LauritzenEtAl2012,
	author={P.H. Lauritzen and W.C. Skamarock and M.J. Prather and M.A. Taylor},
	title={A standard test case suite for two-dimensional linear transport on the sphere},
	journal={Geoscientific Model Development},
	year={2012},
	volume=5,
	pages={887--901}}
	
@article{KentEtAl2012,
	author={J. Kent and C. Jablonowski and J.P. Whitehead and R.B. Rood},
	title={Downscale cascades in tracer transport test cases: An intercomparison of the dynamical cores in {Community Atmosphere Model CAM5}},
	journal={Geoscientific Model Development},
	year={2012},
	volume=5,
	pages={1517--1530}}	
	